@online{uic,
	author = {{International Union of Railways (UIC)}},
	title = "Railway Statistics 2017 synopsis",
	year = "2018",
	url = "https://uic.org/IMG/pdf/uic-statistics-synopsis-2017.pdf",
	urldate = "2019-05-28",
}


@online{sbb1,
	author = {{Schweizerische Bundesbahnen (SBB)}},
	title = "Produktion",
	year = "2012",
	url = "https://company.sbb.ch/de/sbb-als-geschaeftspartner/leistungen-evu/energie/produktion.html/",
	urldate = "2019-05-28",
}

@online{BFS,
	author = {{Bundesamt für Statistik (BFS)}},
	title = {{Elektrizitätserzeugung}},
	year = "2018",
	url = "https://www.bfs.admin.ch/bfsstatic/dam/assets/5827868/master",
	urldate = "2019-06-02",
	note = "[electricity generation]",
}

@online{sbb2,
	author = {{Schweizerische Bundesbahnen (SBB)}},
	title = "Setting standards in climate protection. - Renewable energy.",
	year = "2016",
	url = "https://company.sbb.ch/en/the-company/responsibility-society-environment/environment/climate-protection.html",
	urldate = "2019-06-02",
}

@misc{rENewable,
    author = "Julius Bosch",
    title = {{Steckbrief rENewable}},
    year = "2017",
    page = "2",
    note = "[profile rENewable]",
    }
    
@article{GEP,	
    author="Oreea,V. and Hassena,S. Z. S. and Fleming,P. J.",
    year="2016",
    title="Generation expansion planning optimisation with renewable energy
integration: A review",
    journal={Renewable & Sustainable Energy Reviews},
    volume={69},
    pages={790--803},
    publisher={ELSEVIER}
    }
    
@online{hydropower,
    author = "Power Calculation",
    title = {Calculation of hydroelectric power and energy},
    year = "2015-2018",
    url = "https://power-calculation.com/hydroelectricity-energy-calculator.php",
    urldate = "2019-06-06",
}

@online{solarpower,
    author = "Power Calculation",
    title = {Calculation of solar photovoltaic power and energy},
    year = "2015-2018",
    url = "https://power-calculation.com/solar-photovoltaic-PV-power-calculator.php",
    urldate = "2019-06-06",
}

@online{windpower,
    author = "Windpower Program",
    title = {Wind turbine power ouput variation with steady wind speed},
    year = "2009",
    url = "http://www.wind-power-program.com/turbine_characteristics.htm",
    urldate = "2019-06-06",
}
    


@online{windspeed,
    author = "Meteotest",
    title = {{Windprofil-Rechner}},
    year = "2009",
    url = "https://wind-data.ch/tools/profile.php",
    urldate = "2019-05-29",
    note="[wind profile calculator]"
    }
    
@online{idaweb,
    author = "MeteoSwiss",
    title = "Idaweb",
    year = "2016",
    url = "https://gate.meteoswiss.ch/idaweb/more.do",
    urldate = "2019-05-29",
    }
    
@online{zurcher,
    author = {Lukas Bauer and Silvio Matysik},
    title = {{Windkraft Zürcher 300 kW}},
    year = "2011-2019",
    url = "https://www.wind-turbine-models.com/turbines/1744-windkraft-zuercher-300-kw",
    urldate = "2019-04-14",
    }


@online{batchgeo,
	author = "Batchgeo",
	title = "24 weather representative locations in Switzerland",
	year = "2006-2019",
	url = "https://de.batchgeo.com/map/4f371a49f39db3443a58b0dc627ddbc5",
	urldate = "2019-05-21",
}


@misc{KEV,
author = {{Bundesamt für Energie (BFE)}},
title = {{Förderung der Photovoltaik - Faktenblatt}},
year = "2019",
note = "[promotion of photovoltaic - factsheet]"

}

@online{tariff,
author = "Swissgrid",
title = "Tariffs",
year = "2019",
url = "https://www.swissgrid.ch/en/home/customers/topics/tariffs.html",
urldate = "2019-05-31",
}